<record><leader>00000cas a2200000 i 4500</leader><controlfield tag="001">54750737</controlfield><controlfield tag="006">m     o  d        </controlfield><controlfield tag="007">cr cn|||||||||</controlfield><controlfield tag="008">040317c20029999couwr neo     0    0eng c</controlfield><datafield ind1=" " ind2=" " tag="010"><subfield code="a">  2017260052</subfield></datafield><datafield ind1=" " ind2=" " tag="040"><subfield code="a">AMH</subfield><subfield code="b">eng</subfield><subfield code="e">rda</subfield><subfield code="e">pn</subfield><subfield code="c">AMH</subfield><subfield code="d">OCLCQ</subfield><subfield code="d">YYP</subfield><subfield code="d">IXA</subfield><subfield code="d">OCLCQ</subfield><subfield code="d">FTUBL</subfield><subfield code="d">OCLCQ</subfield><subfield code="d">OCLCO</subfield><subfield code="d">OCLCF</subfield><subfield code="d">OCLCO</subfield><subfield code="d">OCLCQ</subfield><subfield code="d">VT2</subfield><subfield code="d">ORU</subfield><subfield code="d">OCL</subfield><subfield code="d">OCLCA</subfield></datafield><datafield ind1=" " ind2=" " tag="019"><subfield code="a">503710069</subfield></datafield><datafield ind1=" " ind2=" " tag="022"><subfield code="y">0746-0988</subfield></datafield><datafield ind1="0" ind2=" " tag="041"><subfield code="a">eng</subfield><subfield code="a">spa</subfield></datafield><datafield ind1=" " ind2=" " tag="042"><subfield code="a">pcc</subfield></datafield><datafield ind1=" " ind2=" " tag="043"><subfield code="a">n-us-co</subfield></datafield><datafield ind1="1" ind2="4" tag="050"><subfield code="a">E184.M5</subfield></datafield><datafield ind1="0" ind2=" " tag="130"><subfield code="a">Voz nueva (Denver, Colo.)</subfield></datafield><datafield ind1="1" ind2="3" tag="245"><subfield code="a">La voz nueva.</subfield></datafield><datafield ind1="1" ind2="7" tag="246"><subfield code="a">Voz hispana de Colorado,</subfield><subfield code="f">Jan. 2002-&lt;Dec. 2002&gt;</subfield></datafield><datafield ind1=" " ind2="1" tag="264"><subfield code="a">Denver, CO :</subfield><subfield code="b">Hispanic Print Media, LLC.,</subfield><subfield code="c">2002-2010.</subfield></datafield><datafield ind1="3" ind2="1" tag="264"><subfield code="3">&lt;Jan. 7, 2009-&gt;:</subfield><subfield code="a">Denver, CO :</subfield><subfield code="b">La Voz Publishing Company, Inc.</subfield></datafield><datafield ind1=" " ind2=" " tag="300"><subfield code="a">1 online resource</subfield></datafield><datafield ind1=" " ind2=" " tag="310"><subfield code="a">Weekly</subfield></datafield><datafield ind1=" " ind2=" " tag="336"><subfield code="a">text</subfield><subfield code="b">txt</subfield><subfield code="2">rdacontent</subfield></datafield><datafield ind1=" " ind2=" " tag="336"><subfield code="a">still image</subfield><subfield code="b">sti</subfield><subfield code="2">rdacontent</subfield></datafield><datafield ind1=" " ind2=" " tag="337"><subfield code="a">computer</subfield><subfield code="b">c</subfield><subfield code="2">rdamedia</subfield></datafield><datafield ind1=" " ind2=" " tag="338"><subfield code="a">online resource</subfield><subfield code="b">cr</subfield><subfield code="2">rdacarrier</subfield></datafield><datafield ind1="0" ind2=" " tag="362"><subfield code="a">Began with Vol. 28, no. 32 (July 17, 2002), ceased with Vol. 36, No. 14 (Apr. 7, 2010).</subfield></datafield><datafield ind1=" " ind2=" " tag="515"><subfield code="a">Issue for July 17, 2002 mis-numbered v. 28, no. 32, but constitutes v. 28, no. 29.</subfield></datafield><datafield ind1=" " ind2=" " tag="525"><subfield code="a">Some issues include separately paged supplement called Attractions y distracio&#769;nes [sic], July 17, 2002-</subfield></datafield><datafield ind1=" " ind2=" " tag="546"><subfield code="a">English and Spanish.</subfield></datafield><datafield ind1=" " ind2=" " tag="588"><subfield code="a">Description based on Vol. 28, No. 32 (July 17, 2002); title from PDF masthead (Independent Voices digital collection, viewed May 18, 2017).</subfield></datafield><datafield ind1=" " ind2=" " tag="588"><subfield code="a">Latest issue consulted: Vol. 35, No. 52 (December 30, 2009) (viewed May 18, 2017).</subfield></datafield><datafield ind1=" " ind2="0" tag="650"><subfield code="a">Hispanic Americans</subfield><subfield code="z">Colorado</subfield><subfield code="v">Newspapers.</subfield></datafield><datafield ind1=" " ind2="0" tag="651"><subfield code="a">Denver (Colo.)</subfield><subfield code="v">Newspapers.</subfield></datafield><datafield ind1=" " ind2="7" tag="650"><subfield code="a">Hispanic Americans.</subfield><subfield code="2">fast</subfield><subfield code="0">(OCoLC)fst00957523</subfield></datafield><datafield ind1=" " ind2="7" tag="651"><subfield code="a">Colorado.</subfield><subfield code="2">fast</subfield><subfield code="0">(OCoLC)fst01210251</subfield></datafield><datafield ind1=" " ind2="7" tag="651"><subfield code="a">Colorado</subfield><subfield code="z">Denver.</subfield><subfield code="2">fast</subfield><subfield code="0">(OCoLC)fst01205192</subfield></datafield><datafield ind1=" " ind2="7" tag="655"><subfield code="a">Newspapers.</subfield><subfield code="2">fast</subfield><subfield code="0">(OCoLC)fst01423814</subfield></datafield><datafield ind1=" " ind2="7" tag="655"><subfield code="a">Newspapers.</subfield><subfield code="2">lcgft</subfield></datafield><datafield ind1="0" ind2="2" tag="740"><subfield code="a">Attractions y distracio&#769;nes.</subfield></datafield><datafield ind1="0" ind2="2" tag="740"><subfield code="a">Attractions and distracciones.</subfield></datafield><datafield ind1=" " ind2=" " tag="752"><subfield code="a">United States</subfield><subfield code="b">Colorado</subfield><subfield code="c">Denver</subfield><subfield code="d">Denver.</subfield></datafield><datafield ind1="0" ind2="8" tag="776"><subfield code="i">Print version:</subfield><subfield code="t">Voz nueva (Denver, Colo.)</subfield><subfield code="w">(DLC)sn2005058126</subfield><subfield code="w">(OCoLC)52826683</subfield></datafield><datafield ind1="0" ind2="0" tag="780"><subfield code="t">Voz (Denver, Colo.)</subfield><subfield code="w">(DLC)  2017260051</subfield><subfield code="w">(OCoLC)44896793</subfield></datafield><datafield ind1="0" ind2="0" tag="785"><subfield code="t">Voz bilingu&#776;e</subfield><subfield code="w">(OCoLC)780372751</subfield></datafield><datafield ind1="4" ind2="0" tag="856"><subfield code="u">http://proquest.umi.com/login?COPT=U01EPTYmSU5UPTAmVkVSPTImREJTPTM4M0UrMzgzRg@@&amp;clientId=2820</subfield><subfield code="z">Connect to this title from Amherst</subfield></datafield><datafield ind1="4" ind2="0" tag="856"><subfield code="u">http://QK2NH2GK3H.search.serialssolutions.com/?V=1.0&amp;L=QK2NH2GK3H&amp;S=JCs&amp;C=VONDC&amp;T=marc</subfield></datafield><datafield ind1="4" ind2="1" tag="856"><subfield code="3">July 17, 2002-Dec. 18, 2002</subfield><subfield code="u">http://voices.revealdigital.com/cgi-bin/independentvoices?a=cl&amp;cl=CL1&amp;ai=1&amp;sp=FAABHHI</subfield><subfield code="z">Provider has incorrect title "Voz hispana de Colorado".</subfield></datafield><datafield ind1="4" ind2="1" tag="856"><subfield code="3">Jan. 7, 2004-Dec. 2005, Jan. 7, 2009-Dec. 2009</subfield><subfield code="u">http://voices.revealdigital.com/cgi-bin/independentvoices?a=cl&amp;cl=CL1&amp;ai=1&amp;sp=JGJHEIAAF</subfield></datafield><datafield ind1="1" ind2=" " tag="029"><subfield code="a">AU@</subfield><subfield code="b">000045738163</subfield></datafield><datafield ind1="1" ind2=" " tag="029"><subfield code="a">AU@</subfield><subfield code="b">000051580313</subfield></datafield><datafield ind1="1" ind2=" " tag="029"><subfield code="a">NZ1</subfield><subfield code="b">12144396</subfield></datafield><datafield ind1="1" ind2=" " tag="029"><subfield code="a">NZ1</subfield><subfield code="b">14841457</subfield></datafield><datafield ind1="1" ind2=" " tag="029"><subfield code="a">NZ1</subfield><subfield code="b">14858074</subfield></datafield></record>